@inproceedings{liao2017dataracebench,
  author       = {Chunhua Liao and
                  Pei{-}Hung Lin and
                  Joshua Asplund and
                  Markus Schordan and
                  Ian Karlin},
  title        = {DataRaceBench: a benchmark suite for systematic evaluation of data
                  race detection tools},
  booktitle    = {Proceedings of the International Conference for High Performance Computing,
                  Networking, Storage and Analysis, {SC} 2017, Denver, CO, USA, November
                  12 - 17, 2017},
  pages        = {11},
  publisher    = {{ACM}},
  year         = {2017}
}

@misc{exascale,
  author       = {{Exascale Computing Project}},
  title        = {{ECP Proxy Applications.}},
  howpublished = "\url{https://proxyapps.exascaleproject.org/}",
  note         = "[Online; accessed 25-March-2024]",
  year         = {2024}
}

@inproceedings{che2009rodinia,
  author       = {Shuai Che and
                  Michael Boyer and
                  Jiayuan Meng and
                  David Tarjan and
                  Jeremy W. Sheaffer and
                  Sang{-}Ha Lee and
                  Kevin Skadron},
  title        = {Rodinia: {A} benchmark suite for heterogeneous computing},
  booktitle    = {Proceedings of the 2009 {IEEE} International Symposium on Workload
                  Characterization, {IISWC} 2009, October 4-6, 2009, Austin, TX, {USA}},
  pages        = {44--54},
  publisher    = {{IEEE} Computer Society},
  year         = {2009}
}

@misc{parres,
  author       = {{Parallel Research Kernels}},
  title        = {{Parallel Research Kernels.}},
  howpublished = "\url{https://github.com/ParRes/Kernels}",
  note         = "[Online; accessed 25-March-2024]",
  year         = {2024}
}